<record><leader>00000cas a2200000 a 4500</leader><controlfield tag="001">13474829</controlfield><controlfield tag="008">860422d19861993ksuwn ne      0   a0eng d</controlfield><datafield ind1=" " ind2=" " tag="010"><subfield code="a">sn 86063897 </subfield></datafield><datafield ind1=" " ind2=" " tag="040"><subfield code="a">KSH</subfield><subfield code="b">eng</subfield><subfield code="c">KSH</subfield><subfield code="d">NSD</subfield><subfield code="d">NPT</subfield><subfield code="d">NSD</subfield><subfield code="d">OCL</subfield><subfield code="d">OCLCQ</subfield></datafield><datafield ind1=" " ind2=" " tag="012"><subfield code="j">0</subfield><subfield code="m">d</subfield></datafield><datafield ind1="1" ind2=" " tag="022"><subfield code="a">0888-2541</subfield><subfield code="l">0888-2541</subfield><subfield code="2">1</subfield></datafield><datafield ind1=" " ind2=" " tag="037"><subfield code="b">White City Reporter, P.O. Box 278, White City, KS 66872-0278</subfield></datafield><datafield ind1=" " ind2=" " tag="042"><subfield code="a">nsdp</subfield></datafield><datafield ind1=" " ind2="4" tag="222"><subfield code="a">The White City reporter</subfield></datafield><datafield ind1="0" ind2="4" tag="245"><subfield code="a">The White City reporter.</subfield></datafield><datafield ind1=" " ind2=" " tag="260"><subfield code="a">White City, Kan. :</subfield><subfield code="b">White City Print. Co.,</subfield><subfield code="c">1986-</subfield></datafield><datafield ind1=" " ind2=" " tag="300"><subfield code="a">v. :</subfield><subfield code="b">ill. ;</subfield><subfield code="c">35 cm.</subfield></datafield><datafield ind1=" " ind2=" " tag="310"><subfield code="a">Weekly (except last weeks in Feb. and Aug.)</subfield></datafield><datafield ind1="0" ind2=" " tag="362"><subfield code="a">Vol. 1, no. 1 (Mar. 7, 1986)-</subfield></datafield><datafield ind1="1" ind2=" " tag="362"><subfield code="a">Ceased in 1993?</subfield></datafield><datafield ind1=" " ind2=" " tag="588"><subfield code="a">Latest issue consulted: Vol. 1, no. 6 (Apr. 11, 1986).</subfield></datafield><datafield ind1=" " ind2=" " tag="752"><subfield code="a">United States</subfield><subfield code="b">Kansas</subfield><subfield code="c">Morris</subfield><subfield code="d">White City.</subfield></datafield><datafield ind1="0" ind2="0" tag="785"><subfield code="t">Prairie post (White City, Kan.)</subfield><subfield code="x">1073-0699</subfield><subfield code="w">(DLC)sn 93005595</subfield><subfield code="w">(OCoLC)29306723</subfield></datafield><datafield ind1="1" ind2=" " tag="029"><subfield code="a">AU@</subfield><subfield code="b">000022169099</subfield></datafield></record>